<?xml version="1.0" encoding="UTF-8"?><collection xmlns="http://www.loc.gov/MARC21/slim"><record><leader>00350nam--2200109-i-4500</leader><controlfield tag="001">000026399</controlfield><controlfield tag="002">20161230</controlfield><controlfield tag="005">20161230201036</controlfield><controlfield tag="008">060222s1000------------r-----000-0-eng-d</controlfield><datafield ind1=" " ind2=" " tag="245"><subfield code="a">Instructiuni pentru verificarea masurilor si aparatelor de masurat. (colectie). temperaturi. partea i</subfield></datafield><datafield ind1=" " ind2=" " tag="260"><subfield code="a">Bucuresti, Ed.De Stat Pt.Imprimate, 1963. 85p</subfield></datafield><datafield ind1=" " ind2=" " tag="852"><subfield code="a">8874</subfield></datafield></record></collection>